@Misc{CHINOSAUR:venue,
  author =       {@\_CHINOSAUR},
  key =          {_CHINOSAUR},
  howpublished = {Tweet},
  title =        {"VENUE IS TOO COLD" \#BINGO \#CHI2014},
  month =        {May},
  day =          1,
  year =         2014,
  note =         {Retrieved Febuary 2, 2015 from
                  \url{https://twitter.com/_CHINOSAUR/status/461864317415989248}},
  annote =       {Tweet}
}

@Misc{psy:gangnam,
  author =       {Psy},
  title =        {Gangnam Style},
  howpublished = {Video},
  month =        {July},
  day =          15,
  year =         2012,
  note =         {Retrieved August 22, 2014 from
                  \url{https://www.youtube.com/watch?v=9bZkp7q19f0}},
  annote =       {Video URL}
}

@webpage{BBC2015,
	Author = {BBC Research \& Development},
	Date-Added = {2018-10-11 15:50:34 +0200},
	Date-Modified = {2018-10-11 15:55:51 +0200},
	Lastchecked = {October 11, 2018},
	Title = {Squeezebox: A production tool that can edit for you. },
	Url = {http://www.bbc.co.uk/rd/projects/squeezebox},
	Year = {2015}}

@inproceedings{smith2018,
  title={Authoring Object-Based Video Narratives},
  author={Smith, Davy and Hook, Jonathan David and Ursu, Marian},
  booktitle={Adjunct Proceedings of ACM TVX 2018},
  year={2018},
  organization={York}
}
@inproceedings{cox2017,
  title={Object-Based Production: A Personalised Interactive Cooking Application},
  author={Cox, Jasmine and Jones, Rhianne and Northwood, Chris and Tutcher, Jonathan and Robinson, Ben},
  booktitle={Adjunct Publication of the 2017 ACM International Conference on Interactive Experiences for TV and Online Video},
  pages={79--80},
  year={2017},
  organization={ACM}
}

@inproceedings{puentes2017,
  title={HEd: A Flexible HbbTV WYSIWYG Visual Authoring Tool},
  author={Navarrete Puentes, Carlos Antonio and Hern{\'a}ndez Pe{\~n}aloza, Jos{\'e} Tiberio},
  booktitle={Adjunct Publication of the 2017 ACM International Conference on Interactive Experiences for TV and Online Video},
  pages={15--20},
  year={2017},
  organization={ACM}
}
@article{armstrong2014,
  title={Object-based broadcasting-curation, responsiveness and user experience},
  author={Armstrong, Mike and Brooks, Matthew and Churnside, Anthony and Evans, Michael and Melchior, Frank and Shotton, Matthew},
  year={2014},
  publisher={IET}
}
@inproceedings{bentley2017,
  title={Understanding Secondary Content Practices for Television Viewing},
  author={Bentley, Frank R},
  booktitle={Proceedings of the 2017 ACM International Conference on Interactive Experiences for TV and Online Video},
  pages={123--128},
  year={2017},
  organization={ACM}
}

@article{dowell2015,
  title={Companion apps for information-rich television programmes: representation and interaction},
  author={Dowell, John and Malacria, Sylvain and Kim, Hana and Anstead, Edward},
  journal={Personal and Ubiquitous Computing},
  volume={19},
  number={7},
  pages={1215--1228},
  year={2015},
  publisher={Springer}
}
@inproceedings{li2018,
  title={A New Production Platform for Authoring Object-based Multiscreen TV Viewing Experiences},
  author={Li, Jie and R{\"o}ggla, Thomas and Glancy, Maxine and Jansen, Jack and Cesar, Pablo},
  booktitle={Proceedings of the 2018 ACM International Conference on Interactive Experiences for TV and Online Video},
  pages={115--126},
  year={2018},
  organization={ACM}
}
@book{owens2012,
  title={Television production},
  author={Owens, Jim and Millerson, Gerald},
  year={2012},
  publisher={CRC Press}
}

@book{owens2015,
  title={Television sports production},
  author={Owens, Jim},
  year={2015},
  publisher={Focal press}
}

@inproceedings{kegel2017,
  title={2-IMMERSE: A Platform for Orchestrated Multi-Screen Entertainment},
  author={Kegel, Ian and Walker, James and Lomas, Mark and Jansen, Jack and Wyver, John},
  booktitle={Adjunct Publication of the 2017 ACM International Conference on Interactive Experiences for TV and Online Video},
  pages={71--72},
  year={2017},
  organization={ACM}
}
@article{williams2016,
  title={Evaluating the potential benefits of object$\neg$-based broadcasting},
  author={Williams, Doug and Wyver, John and Glancy, Maxine},
  journal={Retrieved December},
  volume={5},
  pages={2017},
  year={2016}
}
